@misc{UsingPickle,
  title = {{Using Pickle}},
  howpublished = {\url{https://docs.python.org/3/library/pickle.html}}
},
@misc{PickleImplementation,
  title = {{Pickle implementation}},
  howpublished = {\url{https://stackoverflow.com/questions/25464295/how-to-pickle-a-list/25465148}}
}